\begin{thebibliography}

@misc{gaussian09,
  title={Gaussian 09, revision D. 01},
  author={M. J. Frisch and G. W. Trucks and H. B. Schlegel and G. E. Scuseria and M. A. Robb and J. R. Cheeseman and G. Scalmani and V. Barone and G. A. Petersson and H. Nakatsuji and X. Li and M. Caricato and A. V. Marenich and J. Bloino and B. G. Janesko and R. Gomperts and B. Mennucci and H. P. Hratchian and J. V. Ortiz and A. F. Izmaylov and J. L. Sonnenberg and D. Williams-Young and F. Ding and F. Lipparini and F. Egidi and J. Goings and B. Peng and A. Petrone and T. Henderson and D. Ranasinghe and V. G. Zakrzewski and J. Gao and N. Rega and G. Zheng and W. Liang and M. Hada and M. Ehara and K. Toyota and R. Fukuda and J. Hasegawa and M. Ishida and T. Nakajima and Y. Honda and O. Kitao and H. Nakai and T. Vreven and K. Throssell and Montgomery, {Jr.}, J. A. and J. E. Peralta and F. Ogliaro and M. J. Bearpark and J. J. Heyd and E. N. Brothers and K. N. Kudin and V. N. Staroverov and T. A. Keith and R. Kobayashi and J. Normand and K. Raghavachari and A. P. Rendell and J. C. Burant and S. S. Iyengar and J. Tomasi and M. Cossi and J. M. Millam and M. Klene and C. Adamo and R. Cammi and J. W. Ochterski and R. L. Martin and K. Morokuma and O. Farkas and J. B. Foresman and D. J. Fox},
  year={2009},
  note={Gaussian, Inc., Wallingford CT}
}

@article{sparrow,
author = {Husch, T. and Vaucher, A. C. and Reiher, M.},
doi = {10.1002/qua.25799},
journal = {Int. J. Quantum Chem.},
pages = {e25799},
title = {{Semiempirical molecular orbital models based on the neglect of diatomic differential overlap approximation}},
volume = {118},
year = {2018}
}

@article{serenity,
author = {Unsleber, Jan P. and Dresselhaus, Thomas and Klahr, Kevin and Schnieders, David and B{\"{o}}ckers, Michael and Barton, Dennis and Neugebauer, Johannes},
doi = {10.1002/jcc.25162},
journal = {J. Comput. Chem.},
pages = {788--798},
title = {{\textsc{Serenity}: A subsystem quantum chemistry program}},
volume = {39},
year = {2018}
}

@misc{libirc,
  author = {Meli, Rocco},
  title = {IRC},
  year = {2019},
  publisher = {GitHub},
  journal = {GitHub repository},
  howpublished = {\url{https://github.com/RMeli/irc}},
}

@article{orca,
author = {Neese, Frank},
doi = {10.1002/wcms.81},
journal = {Wiley Interdiscip. Rev. Comput. Mol. Sci.},
pages = {73--78},
title = {{The ORCA program system}},
volume = {2},
year = {2012}
}

@article{lbfgs,
author = {Nocedal, Jorge},
doi = {10.1090/S0025-5718-1980-0572855-7 },
journal = {Math. Comp.},
pages = {773--782},
title = {{Updating Quasi-Newton Matrices With Limited Storage}},
volume = {35},
year = {1980}
}

@article{afir1,
author = {Maeda, Satoshi and Morokuma, Keiji},
doi = {10.1063/1.3457903},
journal = {J. Chem. Phys.},
pages = {241102},
title = {{Communications: A systematic method for locating transition structures of A+B $\rightarrow$ X type reactions}},
volume = {132},
year = {2010}
}

@article{afir2,
author = {Maeda, Satoshi and Morokuma, Keiji},
doi = {10.1021/ct200290m},
journal = {J. Chem. Theory Comput.},
pages = {2335--2345},
title = {{Finding Reaction Pathways of Type A + B $\rightarrow$ X: Toward Systematic Prediction of Reaction Mechanisms}},
volume = {7},
year = {2011}
}

@article{bofill1,
author = {Bofill, Josep Maria},
doi = {10.1002/jcc.540150102},
journal = {J. Comput. Chem.},
pages = {1-11},
title = {{Updated Hessian Matrix and the Restricted Step Method for Locating Transition Structures}},
volume = {15},
year = {1994}
}

@article{bofill2,
author = {Farkas, \"{O}d\"{o}n and Schlegel, H. Bernhard},
doi = {10.1039/b108658h},
journal = {Phys. Chem. Chem. Phys.},
pages = {11--15},
title = {{Methods for optimizing large molecules}},
volume = {4},
year = {2002}
}

@article{dimer1,
author={Henkelman, Graeme and J{\'o}nsson, Hannes},
doi = {10.1063/1.480097},
journal={J. Chem. Phys.},
pages={7010--7022},
title={{A dimer method for finding saddle points on high dimensional potential surfaces using only first derivatives}},
year={1999},
volume={111},
}

@article{dimer2,
author={K{\"a}stner, Johannes and Sherwood, Paul},
doi = {10.1063/1.2815812},
journal={J. Chem. Phys},
pages={014106},
title={{Superlinearly converging dimer method for transition state search}},
volume={128},
year={2008},
}

@article{dimer3,
author={Shang, Cheng and Liu, Zhi-Pan},
doi = {10.1021/ct9005147},
journal = {J. Chem. Theory Comput.},
pages={1136--1144},
title={{Constrained Broyden minimization combined with the dimer method for locating transition state of complex reactions}},
volume={6},
year={2010},
}


@article{bsplines,
author = {Vaucher, Alain C. and Reiher, Markus},
doi = {10.1021/acs.jctc.8b00169},
journal = {J. Chem. Theory Comput.},
pages = {3091--3099},
title = {{Minimum Energy Paths and Transition States by Curve Optimization}},
volume = {14},
year = {2018}
}

\end{thebibliography}
